101 021000021 3210001232207281647D094101JPMORGAN CHASE BANK    ACME CORPORATION               
5200                FF3               US3121233121IATPAYMENT   USDUSD2207292101111000020001234
6220210000210009             00000000391230000099                            01111000012345678
710MIS000000000000000000                      LUDIE D. EDWARDS                         2131234
711BETA INC                           143 LIND PASSAGE                                 2131234
712LUXEMBOURG*LU\                     LU*L-1855\                                       2131234
713BANK OF AMERICA NA                 01121000358                         US           2131234
714JPMorgan Chase Bank                01021000021                         US           2131234
71599123456789    123 TREBLE WAY                                                       2131234
716DHAKA\                             BD*1400 DHAKA\                                   2131234
717ABC123456789                                                                    00012131234
718BANK OF AMERICA CANADA             01121000358                         CA       00022131234
820000001000021000020000000000000000000000393121233121                         111000020001234
5200                FF3               US3121233121IATPAYMENT   USDUSD2207292101111000020003366
6220210000210009             00000001039991231234                            01111000023210012
710MIS000000000000000000                      ELSA JENNINGS                            3210012
711BETA INC                           143 LIND PASSAGE                                 3210012
712LUXEMBOURG*LU\                     LU*L-1855\                                       3210012
713BANK OF AMERICA NA                 01121000358                         US           3210012
714JPMorgan Chase Bank                01021000021                         US           3210012
715991234123012   MAPLE DRIVE TERRACE                                                  3210012
716DHAKA\                             BD*4100 DHAKA\                                   3210012
717ABC123456789                                                                    00013210012
718BANK OF AMERICA CANADA             01121000358                         CA       00023210012
820000001000021000020000000000000000000001033121233121                         111000020003366
5200ACME U                              1233211212WEBPAYMNT          2207292101091000010020123
6270210000219990000123       0003123400000000123321432BEN NILSON            S 0021000013232112
820000000100021000020000031234000000000000001233211212                         091000010020123
9000003000003000000210007821945000003123400000000000142                                       
9999999999999999999999999999999999999999999999999999999999999999999999999999999999999999999999