101 021000021 3210001232211101449C094101JPMORGAN CHASE BANK    ACME CORPORATION               
5225ACME INC        ABCDEFGHIJKLMNOPQRST1233211212CCDVAT TOP UP2211092211093141012000120000044
6260210000211230000099       00000028323213211234     KIRLIN AND SONS         1012000120000003
799R20021000021000001      01200012                                            012000120000003
822500000200021000020000000028320000000000001233211212                         012000120000044
9000001000001000000020002100002000000002832000000000000                                       
9999999999999999999999999999999999999999999999999999999999999999999999999999999999999999999999
9999999999999999999999999999999999999999999999999999999999999999999999999999999999999999999999
9999999999999999999999999999999999999999999999999999999999999999999999999999999999999999999999
9999999999999999999999999999999999999999999999999999999999999999999999999999999999999999999999