101 021000021 3210001232208121855A094101JPMORGAN CHASE BANK    ACME INC                       
5225BLANDA LLC                          1233211212PPDPAYMNT    2208122208111591012000120000001
6260210000211230000099       00022123403213211234     OMER FRITSCH            1021000021000001
799R03012000123404321      01200012                                                00010000001
822500000200021000020000022123400000000000001233211212                         012000120000001
9000001000001000000020002100002000002212340000000000000                                       
9999999999999999999999999999999999999999999999999999999999999999999999999999999999999999999999
9999999999999999999999999999999999999999999999999999999999999999999999999999999999999999999999
9999999999999999999999999999999999999999999999999999999999999999999999999999999999999999999999
9999999999999999999999999999999999999999999999999999999999999999999999999999999999999999999999